
@MISC{stanford,
    author = {Austin Sousa and Rasoul Kabirzadeh and Patrick Blaes, Department of Electrical Engineering, Stanford University},
    title = {Automatic Colorization of Grayscale Images},
    year = {}
}
@MISC{bestPaper,
    author = {Guillaume Charpiat and Ilja Bezrukov and Matthias Hofmann},
    title = {Chapter 1 Machine Learning Methods for Automatic Image Colorization},
    year = {}
}
@article{pap:userInput,
 author = {Levin, Anat and Lischinski, Dani and Weiss, Yair},
 title = {Colorization Using Optimization},
 journal = {ACM Trans. Graph.},
 issue_date = {August 2004},
 volume = {23},
 number = {3},
 month = aug,
 year = {2004},
 issn = {0730-0301},
 pages = {689--694},
 numpages = {6},
 url = {http://doi.acm.org/10.1145/1015706.1015780},
 doi = {10.1145/1015706.1015780},
 acmid = {1015780},
 publisher = {ACM},
 address = {New York, NY, USA},
 keywords = {colorization, recoloring, segmentation},
} 

:

@article{montrealDataset,
author={\url{http://donnees.ville.montreal.qc.ca/dataset/phototheque-archives}}
}

@article{Google,
author={\url{https://www.google.fr/imghp}}
}


@Misc{numpy,
  author =    {Stéfan van der Walt, S. Chris Colbert and Gaël Varoquaux},
  title =     {The NumPy Array: A Structure for Efficient Numerical Computation},
  url = "http://www.scipy.org/",
}

@MISC{theano1,
        author = {Bastien, Fr{\'{e}}d{\'{e}}ric and Lamblin, Pascal and Pascanu, Razvan and Bergstra, James and Goodfellow, Ian J. and Bergeron, Arnaud and Bouchard, Nicolas and Bengio, Yoshua},
         title = {Theano: new features and speed improvements},
          year = {2012},
  howpublished = {Deep Learning and Unsupervised Feature Learning NIPS 2012 Workshop}
  }
  @INPROCEEDINGS{theano2,
     author = {Bergstra, James and Breuleux, Olivier and Bastien, Fr{\'{e}}d{\'{e}}ric and Lamblin, Pascal and Pascanu, Razvan and Desjardins, Guillaume and Turian, Joseph and Warde-Farley, David and Bengio, Yoshua},
      month = jun,
      title = {Theano: a {CPU} and {GPU} Math Expression Compiler},
  booktitle = {Proceedings of the Python for Scientific Computing Conference ({SciPy})},
       year = {2010},
   location = {Austin, TX},
       note = {Oral Presentation}
       }
